<record><leader>00000cas a2200000 a 4500</leader><controlfield tag="001">26275433</controlfield><controlfield tag="008">920728d18771887nyuwr ne      0    0eng c</controlfield><datafield ind1=" " ind2=" " tag="010"><subfield code="a">sn 92062057 </subfield></datafield><datafield ind1=" " ind2=" " tag="040"><subfield code="a">NYS</subfield><subfield code="b">eng</subfield><subfield code="c">NYS</subfield><subfield code="d">OCLCQ</subfield><subfield code="d">OCLCF</subfield><subfield code="d">OCLCO</subfield></datafield><datafield ind1=" " ind2=" " tag="042"><subfield code="a">pcc</subfield></datafield><datafield ind1=" " ind2=" " tag="043"><subfield code="a">n-us-ny</subfield></datafield><datafield ind1="0" ind2=" " tag="130"><subfield code="a">Gowanda enterprise (Gowanda, N.Y. : 1877)</subfield></datafield><datafield ind1="1" ind2="0" tag="245"><subfield code="a">Gowanda enterprise.</subfield></datafield><datafield ind1="3" ind2="0" tag="246"><subfield code="a">Weekly enterprise</subfield></datafield><datafield ind1=" " ind2=" " tag="260"><subfield code="a">Gowanda, N.Y. :</subfield><subfield code="b">Horton &amp; Deming,</subfield><subfield code="c">1877-1887.</subfield></datafield><datafield ind1=" " ind2=" " tag="300"><subfield code="a">10 v.</subfield></datafield><datafield ind1=" " ind2=" " tag="310"><subfield code="a">Weekly</subfield></datafield><datafield ind1="0" ind2=" " tag="362"><subfield code="a">Vol. 1, no. 1 (Mar. 30, 1877)-v. 10, no. 45 (Jan. 21, 1887).</subfield></datafield><datafield ind1=" " ind2="0" tag="651"><subfield code="a">Gowanda (N.Y.)</subfield><subfield code="v">Newspapers.</subfield></datafield><datafield ind1=" " ind2="0" tag="651"><subfield code="a">Cattaraugus County (N.Y.)</subfield><subfield code="v">Newspapers.</subfield></datafield><datafield ind1=" " ind2="0" tag="651"><subfield code="a">Erie County (N.Y.)</subfield><subfield code="v">Newspapers.</subfield></datafield><datafield ind1=" " ind2="7" tag="655"><subfield code="a">Newspapers.</subfield><subfield code="2">fast</subfield><subfield code="0">(OCoLC)fst01423814</subfield></datafield><datafield ind1=" " ind2="7" tag="651"><subfield code="a">New York (State)</subfield><subfield code="z">Cattaraugus County.</subfield><subfield code="2">fast</subfield><subfield code="0">(OCoLC)fst01207027</subfield></datafield><datafield ind1=" " ind2="7" tag="651"><subfield code="a">New York (State)</subfield><subfield code="z">Erie County.</subfield><subfield code="2">fast</subfield><subfield code="0">(OCoLC)fst01202692</subfield></datafield><datafield ind1=" " ind2="7" tag="651"><subfield code="a">New York (State)</subfield><subfield code="z">Gowanda.</subfield><subfield code="2">fast</subfield><subfield code="0">(OCoLC)fst01227090</subfield></datafield><datafield ind1=" " ind2=" " tag="752"><subfield code="a">United States</subfield><subfield code="b">New York</subfield><subfield code="c">Cattaraugus</subfield><subfield code="d">Gowanda.</subfield></datafield><datafield ind1=" " ind2=" " tag="752"><subfield code="a">United States</subfield><subfield code="b">New York</subfield><subfield code="c">Erie</subfield><subfield code="d">Gowanda.</subfield></datafield><datafield ind1="0" ind2="0" tag="780"><subfield code="t">Gowanda gazette</subfield><subfield code="w">(DLC)sn 83031311</subfield><subfield code="w">(OCoLC)9845717</subfield></datafield><datafield ind1="0" ind2="0" tag="785"><subfield code="t">Public interests</subfield><subfield code="w">(DLC)sn 92062058</subfield></datafield></record>